@book{gray,
	address = {Boston, MA},
	title = {Entropy and {Information} {Theory}},
	isbn = {9781441979698 9781441979704},
	url = {http://link.springer.com/10.1007/978-1-4419-7970-4},
	language = {en},
	urldate = {2020-05-01},
	publisher = {Springer US},
	author = {Gray, Robert M.},
	year = {2011},
	doi = {10.1007/978-1-4419-7970-4}
}

@book{thomas,
	address = {Hoboken, N.J},
	edition = {2nd ed},
	title = {Elements of information theory},
	isbn = {9780471241959},
	publisher = {Wiley-Interscience},
	author = {Cover, T. M. and Thomas, Joy A.},
	year = {2006},
	note = {OCLC: ocm59879802},
	keywords = {Information theory}
}

%-----------------------------------------------------------------------
% INFORMÁTICA
%-----------------------------------------------------------------------
@misc{estimating,
	title = {Estimating entropy and mutual information with scikit-learn},
	url = {https://gist.github.com/GaelVaroquaux/ead9898bd3c973c40429},
	abstract = {Estimating entropy and mutual information with scikit-learn - mutual\_info.py},
	language = {en},
	urldate = {2020-05-01},
	journal = {Gist},
	author = {{262588213843476}}
}

@misc{npeet,
	title = {gregversteeg/{NPEET}},
	copyright = {MIT},
	url = {https://github.com/gregversteeg/NPEET},
	abstract = {Non-parametric Entropy Estimation Toolbox. Contribute to gregversteeg/NPEET development by creating an account on GitHub.},
	urldate = {2020-05-01},
	author = {Steeg, Greg Ver},
	month = apr,
	year = {2020},
	note = {original-date: 2014-10-10T19:57:02Z},
	keywords = {python, information-theory, entropy, estimator}
}


@misc{glossary_GIL,
	title = {Glossary — {Python} 3.8.3 documentation},
	url = {https://docs.python.org/3/glossary.html#term-global-interpreter-lock},
	urldate = {2020-06-15}
}

@misc{GIL,
	title = {Initialization, {Finalization}, and {Threads} — {Python} 3.8.3 documentation},
	url = {https://docs.python.org/3/c-api/init.html#thread-state-and-the-global-interpreter-lock},
	urldate = {2020-06-15}
}

@misc{threading,
	title = {threading — {Thread}-based parallelism — {Python} 3.8.3 documentation},
	url = {https://docs.python.org/3/library/threading.html?highlight=parallelism},
	urldate = {2020-06-15}
}

@misc{multiprocessing,
	title = {multiprocessing — {Process}-based parallelism — {Python} 3.8.3 documentation},
	url = {https://docs.python.org/3/library/multiprocessing.html},
	urldate = {2020-06-15}
}

@misc{parallelprocessing,
	title = {{ParallelProcessing} - {Python} {Wiki}},
	url = {https://wiki.python.org/moin/ParallelProcessing},
	urldate = {2020-06-15}
}

@misc{joblib,
	title = {Embarrassingly parallel for loops — joblib 0.14.1.dev0 documentation},
	url = {https://joblib.readthedocs.io/en/latest/parallel.html#parallel},
	urldate = {2020-06-15}
}


@misc{profilers,
	title = {The {Python} {Profilers} — {Python} 3.8.3 documentation},
	url = {https://docs.python.org/3/library/profile.html#pstats.Stats},
	urldate = {2020-06-15}
}